@inproceedings{sklearn_api,
  author    = {Lars Buitinck and Gilles Louppe and Mathieu Blondel and
               Fabian Pedregosa and Andreas Mueller and Olivier Grisel and
               Vlad Niculae and Peter Prettenhofer and Alexandre Gramfort
               and Jaques Grobler and Robert Layton and Jake VanderPlas and
               Arnaud Joly and Brian Holt and Ga{\"{e}}l Varoquaux},
  title     = {{API} design for machine learning software: experiences from the scikit-learn
               project},
  booktitle = {ECML PKDD Workshop: Languages for Data Mining and Machine Learning},
  year      = {2013},
  pages = {108--122},
}

@misc{eumatrix,
  author = "Samuel Albanie",
  title = "Euclidean Distance Matrix Trick",
  howpublished = "Visual Geometry Group, University of Oxford",
  year = "2019",
}

@online{topmnist,
  title = "Image Classification on MNIST",
  url = "https://paperswithcode.com/sota/image-classification-on-mnist",
  addendum = "accessed: 18 October 2020",
}

@misc{byerly2020branching,
  title={A Branching and Merging Convolutional Network with Homogeneous Filter Capsules}, 
  author={Adam Byerly and Tatiana Kalganova and Ian Dear},
  year={2020},
  eprint={2001.09136},
  archivePrefix={arXiv},
  primaryClass={cs.CV}
}

@online{tta,
  author = {Nathan Hubens},
  title= {Test Time Augmentation (TTA) and how to perform it with Keras},
  url = {https://towardsdatascience.com/test-time-augmentation-tta-and-how-to-perform-it-with-keras-4ac19b67fb4d},
}
