@online{voron,
    author = "К. В. Воронцов",
    title = "Машинное обучение (курс лекций)",
    url  = "machinelearning.ru/wiki/index.php?title=Машинное_обучение_(курс_лекций,_К.В.Воронцов)",
}

@online{kaggle,
    title = "Toxic Comment Classification Challenge",
    url  = "kaggle.com/c/jigsaw-toxic-comment-classification-challenge",
}